@article{Penner2001,
  doi = {10.1119/1.1344164},
  url = {https://doi.org/10.1119/1.1344164},
  year = {2001},
  month = may,
  publisher = {American Association of Physics Teachers ({AAPT})},
  volume = {69},
  number = {5},
  pages = {563--568},
  author = {A. Raymond Penner},
  title = {The physics of golf: The optimum loft of a driver},
  journal = {American Journal of Physics}
}
